@article{perram1985,
  title = {Statistical mechanics of hard ellipsoids. I. Overlap algorithm and the contact function},
  journal = {Journal of Computational Physics},
  volume = {58},
  number = {3},
  pages = {409-416},
  year = {1985},
  issn = {0021-9991},
  doi = {https://doi.org/10.1016/0021-9991(85)90171-8},
  url = {https://www.sciencedirect.com/science/article/pii/0021999185901718},
  author = {John W. Perram and M.S. Wertheim},
  abstract = {A contact function for two arbitrary ellipsoids is derived. The numerical value of the contact function is less than 1 if they overlap, and greater than 1 if they do not. This extends previous work by Vieillard-Baron, who derived an overlap criterion for spheroids without use of a contact function. The equivalence of the two criteria has been checked by extensive numerical test with spheroids. It is shown that the use of the contact function greatly facilitates the calculation of the pressure in Monte Carlo simulations.}
}

@WWW{pw_doc,
  author = {S. Brisard},
  title = {PW85},
  year = {2021},
  publisher = {GitHub},
  journal = {GitHub repository},
  howpublished = {\url{https://github.com/sbrisard/pw85} [ogled 12. 1. 2023]},
}

@BOOK{mitch,
  author = {Wolfe, Alan},
  title = {Using Blue Noise for Ray Traced Soft Shadows},
  bookTitle = {Ray Tracing Gems II: Next Generation Real-Time Rendering with DXR, Vulkan, and OptiX"},
  year = {2021},
  publisher = {Apress},
  address = {Berkeley, CA},
  pages = {367--394},
  abstract = {Ray tracing is nearly synonymous with noise. Importance sampling and low-discrepancy sequences can help reduce noise by converging more quickly, and denoisers can remove noise after the fact, but sometimes we still cannot afford the number of rays needed to get the results we want. If using more rays is not an option, the next best thing is to make the noise harder to see and easier to remove. This chapter talks about using blue noise toward those goals in the context of ray traced soft shadows, but the concepts presented translate to nearly all ray tracing techniques.},
  isbn = {978-1-4842-7185-8},
  doi = {10.1007/978-1-4842-7185-8_24},
  url = {\url{https://doi.org/10.1007/978-1-4842-7185-8_24}},
}

@Article{contact_function,
	doi = {10.1063/1.2102897},
	url = {https://doi.org/10.1063%2F1.2102897},
	year = 2005,
	month = {nov},
	publisher = {{AIP} Publishing},
	volume = {123},
	number = {19},
	pages = {194111},
	author = {Leonid Paramonov and Sophia N. Yaliraki},
	title = {The directional contact distance of two ellipsoids: Coarse-grained potentials for anisotropic interactions},
	journal = {The Journal of Chemical Physics},
}

@WWW{Mises-Fisher,
  author = {D. Whittebgury},
  title = {DS-2: Sampling and visualising the von Mises-Fisher Distribution in p dimensions},
  year = {2020},
  publisher = {GitHub},
  journal = {GitHub repository},
  howpublished = {\url{https://github.com/dlwhittenbury/von-Mises-Fisher-Sampling}},
}

@BOOK{All,
  title = {The craft of scientific writing},
  publisher = {Springer},
  year = {1996},
  author = {Michael Alley},
  address = {New York},
  edition = {3rd ed.},
  owner = {krmelj},
  timestamp = {2014.02.07}
}

@BOOK{Ba,
  title = {Povabilo v LATEX},
  publisher = {Dru\v{s}tvo matematikov, fizikov in astronomov SRS},
  year = {1989},
  author = {Vladimir Batagelj},
  address = {Ljubljana},
  owner = {krmelj},
  timestamp = {2013.11.08}
}

@BOOK{Go,
  title = {TEX : povabilo v TEX, LATEX, BIBTEX, PICTEX},
  publisher = {Dru\v{s}tvo matematikov, fizikov in astronomov Slovenije},
  year = {1990},
  author = {Vladimir Batagelj and Bojan Golli},
  address = {Ljubljana},
  owner = {krmelj},
  timestamp = {2013.11.08}
}

@Electronic{ams,
  author       = {Michael Downes},
  title        = {Short Math Guide for LATEX},
  year         = {2002},
  note         = {\url{http://sabotin.ung.si/~sstanic/teaching/CIS/LaTeX/LaTeX_short-math-guide.pdf}[ogled 30. 5. 2019]},
  organization = {American Mathematical Society},
  owner        = {krmelj},
  timestamp    = {2013.11.08},
}

@Electronic{Gr,
  author    = {Harvey J. Greenberg},
  title     = {A Simplified Introduction to Latex},
  year      = {2010},
  note      = {\url{https://pages.cpsc.ucalgary.ca/~hoyer/files/Greenberg.pdf}[ogled 30. 5. 2019]},
  owner     = {krmelj},
  timestamp = {2013.11.08},
}

@BOOK{Ra,
  title = {Sedi in pi\v{s}i z LATEX-om!},
  publisher = {Dru\v{s}tvo matematikov, fizikov in astronomov Slovenije},
  year = {1991},
  author = {Marko Razpet},
  address = {Ljubljana},
  owner = {krmelj},
  timestamp = {2013.11.08}
}

@BOOK{St,
  title = {Fizika. Del 1},
  publisher = {DMFA - zalo\v{z}ni\v{s}tvo},
  year = {2007},
  author = {Janez Strnad},
  number = {9},
  series = {Matematika-fizika : zbirka univerzitetnih u\v{c}benikov in monografij},
  address = {Ljubljana},
  owner = {krmelj},
  timestamp = {2013.11.08}
}

@Electronic{Bragg,
  title     = {Braggov uklon},
  year      = {2013},
  note      = {\url{http://sl.wikipedia.org/wiki/Braggov_uklon}[ogled 15. 3. 2019]},
  owner     = {krmelj},
  timestamp = {2014.02.06},
}

@Article{Multiple,
  author  = {Ku\v{s}\v{c}er, Ivan},
  title   = {Multiple small-angle scattering of light},
  journal = {Prog. Nucl. Energy},
  year    = {1999},
  volume  = {34},
  pages   = {355-359},
  issn    = {0149-1970},
}

@Article{Variation,
  author  = {Van Duijn, E. J. and others},
  title   = {Variation of dipole-dipole interaction with rotational state: experiment and theory},
  journal = {J. Chem. Phys.},
  year    = {1997},
  volume  = {106},
  number  = {23},
  pages   = {9539-9546},
  doi     = {10.1063/1.473854},
  url     = {https://doi.org/10.1063/1.473854},
}

@Article{Diffusion,
  author  = {Ku\v{s}\v{c}er, I. and Beenakker, J. J. M.},
  title   = {Diffusion in zeolites as flow of lattice gas},
  journal = {J. Stat. Phys.},
  year    = {1997},
  volume  = {87},
  number  = {5/6},
  pages   = {1083-1095},
  doi     = {10.1007/BF02181272},
  url     = {https://doi.org/10.1007/BF02181272},
}

@Article{Ku,
  author  = {Ku\v{s}\v{c}er, Ivan},
  title   = {O strokovnem pisanju},
  journal = {Obz. mat. fiz.},
  year    = {1987},
  volume  = {34},
}

@Electronic{APS,
  author = {Anne Waldron and Peggy Judd and Valerie Miller},
  title  = {Physical review style and notation guide},
  year   = {2011},
  note   = {\url{https://cdn.journals.aps.org/files/styleguide-pr.pdf}[ogled 15. 3. 2019]},
}

@WWW{Bib,
  author = {Martin J. Osborne},
  title  = {Using bibtex: a short guide},
  note   = {\url{http://www.economics.utoronto.ca/osborne/latex/BIBTEX.HTM} [ogled 15. 3. 2019]},
}

@WWW{Rev,
  title = {REVTeX Home Page},
  year  = {2019},
  note  = {\url{http://publish.aps.org/revtex/}[ogled 15. 3. 2019]},
}

@WWW{JR,
  title = {JabRef},
  note  = {\url{http://www.jabref.org/}[ogled 15. 3. 2019]},
}

@WWW{Help,
  title = {About BibTeX and its fields},
  note  = {\url{https://docs.jabref.org/advanced/fields}[ogled 25. 10. 2022]},
}

@Electronic{Oddaja,
  title = {Oddaja elektronskih oblik pisnih zaklju\v{c}nih del \v{s}tudija in preverjanje podobnosti vsebine na Univerzi v Ljubljani: navodila za \v{s}tudente},
  year  = {2016},
  note  = {\url{https://repozitorij.uni-lj.si/IzpisGradiva.php?id=83158}[ogled 15. 3. 2019]},
}

@WWW{Se,
  author = {Peter Selinger},
  title  = {Creating high-quality PDF/A documents using LaTeX},
  year   = {2016},
  note   = {\url{http://www.mathstat.dal.ca/~selinger/pdfa/}[ogled 19. 3. 2019]},
}

@Electronic{Moo,
  author = {C. V. Radhakrishnan and others},
  title  = {Generation of PDF/X and PDF/A compliant PDF's with PDFTEX - pdfx.sty},
  year   = {2015},
  note   = {\url{https://tug.org/tug2015/preprints/moore-pdfx.pdf}[ogled 19. 3. 2019]},
}

@WWW{Zhaw,
  author = {Josef Spillner},
  title  = {Creating PDF/A Documents for Long-Term Archiving},
  year   = {2016},
  note   = {\url{https://blog.zhaw.ch/icclab/creating-pdfa-documents-for-long-term-archiving/}[ogled 19. 3. 2019]},
}

@WWW{Val,
  title = {PDFen.com},
  year  = {2022},
  note  = {\url{https://www.pdfen.com/pdf-a-validator}[Ogled 24. 10. 2022]},
}